@article{Farrell,
	title={这是一个测试},
	author={卢俊星},
	journal={J. of Math},
	volume={58},
	number={345-363},
	pages={5},
	year={1936}
}
